@article{deepsense,
    author = {Yao, Shuochao and Hu, Shaohan and Zhao, Yiran and Zhang, Aston and Abdelzaher, Tarek},
    isbn = {9781450349130},
    keywords = {Activity Recognition,Deep Learning,Internet of Things,Mobile Computing,Mobile Sensing,Tracking,User Identification},
    title = {{DeepSense: a Unified Deep Learning Framework for Time-Series Mobile Sensing Data Processing}},
    url = {http://dx.doi.org/10.1145/3038912.3052577},
    year = {2017}
}

@inproceedings{wang2017time,
  title={Time series classification from scratch with deep neural networks: A strong baseline},
  author={Wang, Zhiguang and Yan, Weizhong and Oates, Tim},
  booktitle={2017 International joint conference on neural networks (IJCNN)},
  pages={1578--1585},
  year={2017},
  organization={IEEE}
}

@inproceedings{morales2016deep,
  title={Deep convolutional feature transfer across mobile activity recognition domains, sensor modalities and locations},
  author={Morales, Francisco Javier Ord{\'o}{\~n}ez and Roggen, Daniel},
  booktitle={Proceedings of the 2016 ACM International Symposium on Wearable Computers},
  pages={92--99},
  year={2016}
}

@article{murad2017deep,
  title={Deep recurrent neural networks for human activity recognition},
  author={Murad, Abdulmajid and Pyun, Jae-Young},
  journal={Sensors},
  volume={17},
  number={11},
  pages={2556},
  year={2017},
  publisher={Multidisciplinary Digital Publishing Institute}
}

@inproceedings{singh2017transforming,
  title={Transforming sensor data to the image domain for deep learning—An application to footstep detection},
  author={Singh, Monit Shah and Pondenkandath, Vinaychandran and Zhou, Bo and Lukowicz, Paul and Liwickit, Marcus},
  booktitle={2017 International Joint Conference on Neural Networks (IJCNN)},
  pages={2665--2672},
  year={2017},
  organization={IEEE}
}

@article{zheng2016exploiting,
  title={Exploiting multi-channels deep convolutional neural networks for multivariate time series classification},
  author={Zheng, Yi and Liu, Qi and Chen, Enhong and Ge, Yong and Zhao, J Leon},
  journal={Frontiers of Computer Science},
  volume={10},
  number={1},
  pages={96--112},
  year={2016},
  publisher={Springer}
}

@inproceedings{zeng2014convolutional,
  title={Convolutional neural networks for human activity recognition using mobile sensors},
  author={Zeng, Ming and Nguyen, Le T and Yu, Bo and Mengshoel, Ole J and Zhu, Jiang and Wu, Pang and Zhang, Joy},
  booktitle={6th International Conference on Mobile Computing, Applications and Services},
  pages={197--205},
  year={2014},
  organization={IEEE}
}

@inproceedings{yang2015deep,
  title={Deep convolutional neural networks on multichannel time series for human activity recognition},
  author={Yang, Jianbo and Nguyen, Minh Nhut and San, Phyo Phyo and Li, Xiao Li and Krishnaswamy, Shonali},
  booktitle={Twenty-Fourth International Joint Conference on Artificial Intelligence},
  year={2015}
}

@techreport{Ebrahimzadeh2019,
    archivePrefix = {arXiv},
    arxivId = {1905.06913v1},
    author = {Ebrahimzadeh, Zahra and Zheng, Min and Karakas, Selcuk and Kleinberg, Samantha},
    eprint = {1905.06913v1},
    title = {{Deep Learning for Multi-Scale Changepoint Detection in Multivariate Time Series}},
    year = {2019}
}

@article{Ordonez2016,
    author = {Ord{\'{o}}{\~{n}}ez, Francisco and Roggen, Daniel},
    issn = {1424-8220},
    journal = {Sensors},
    month = {jan},
    number = {1},
    pages = {115},
    title = {{Deep Convolutional and LSTM Recurrent Neural Networks for Multimodal Wearable Activity Recognition}},
    url = {http://www.mdpi.com/1424-8220/16/1/115},
    volume = {16},
    year = {2016}
}

@article{Farid2004,
    author = {Farid, Hany and Simoncelli, Eero P},
    journal = {IEEE TRANSACTIONS ON IMAGE PROCESSING},
    keywords = {Index Terms-Derivative,digital filter design,discrete differentiation,gradient,steerability},
    number = {4},
    pages = {496--508},
    title = {{Differentiation of Discrete Multidimensional Signals}},
    volume = {13},
    year = {2004}
}

@article{Lavielle1999,
    author = {Lavielle, Marc},
    issn = {0304-4149},
    journal = {Stochastic Processes and their Applications},
    month = {sep},
    number = {1},
    pages = {79--102},
    publisher = {North-Holland},
    title = {{Detection of multiple changes in a sequence of dependent variables}},
    url = {https://www.sciencedirect.com/science/article/pii/S030441499900023X},
    volume = {83},
    year = {1999}
}

@article{Ives2012,
    author = {Ives, Anthony R. and Dakos, Vasilis},
    issn = {2150-8925},
    journal = {Ecosphere},
    month = {jun},
    number = {6},
    pages = {art58},
    publisher = {John Wiley {\&} Sons, Ltd},
    title = {{Detecting dynamical changes in nonlinear time series using locally linear state-space models}},
    url = {http://doi.wiley.com/10.1890/ES11-00347.1},
    volume = {3},
    year = {2012}
}

@inproceedings{Papadopoulos2015,
    author = {Papadopoulos, Petros and Walkinshaw, Neil},
    booktitle = {Proceedings - 4th International Workshop on Realizing Artificial Intelligence Synergies in Software Engineering, RAISE 2015},
    isbn = {9781479919345},
    issn = {01486071},
    month = {may},
    pages = {19--24},
    pmid = {21097767},
    publisher = {IEEE},
    title = {{Black-box test generation from inferred models}},
    url = {http://ieeexplore.ieee.org/document/7168327/},
    year = {2015}
}


@article{Blythe2012,
    author = {Blythe, Duncan A.J. and {Von Bunau}, Paul and Meinecke, Frank C. and Muller, Klaus Robert},
    issn = {2162237X},
    journal = {IEEE Transactions on Neural Networks and Learning Systems},
    month = {apr},
    number = {4},
    pages = {631--643},
    title = {{Feature extraction for change-point detection using stationary subspace analysis}},
    url = {http://ieeexplore.ieee.org/document/6151166/},
    volume = {23},
    year = {2012}
}

@article{jafar2019interactive,
  title={Interactive Semi-automated Specification Mining for Debugging: An Experience Report},
  author={Jafar Mashhadi, Mohammad and Siddiqui, Taha R and Hemmati, Hadi and Loewen, Howard},
  journal={arXiv preprint arXiv:1905.02245},
  year={2019}
}

@article{dallmeier2011automatically,
  title={Automatically generating test cases for specification mining},
  author={Dallmeier, Valentin and Knopp, Nikolai and Mallon, Christoph and Fraser, Gordon and Hack, Sebastian and Zeller, Andreas},
  journal={IEEE Transactions on Software Engineering},
  volume={38},
  number={2},
  pages={243--257},
  year={2011},
  publisher={IEEE}
}

@article{ernst2007daikon,
  title={The Daikon system for dynamic detection of likely invariants},
  author={Ernst, Michael D and Perkins, Jeff H and Guo, Philip J and McCamant, Stephen and Pacheco, Carlos and Tschantz, Matthew S and Xiao, Chen},
  journal={Science of computer programming},
  volume={69},
  number={1-3},
  pages={35--45},
  year={2007},
  publisher={Elsevier}
}

@article{Parmar2016,
    author = {Parmar, Priya and Patel, Miral},
    journal = {International Journal of Computer Applications},
    number = {9},
    pages = {6--13},
    title = {{Software Fault Localization: A Survey}},
    volume = {154},
    year = {2016}
}

@article{khan2019deep,
    title={Deep density ratio estimation for change point detection},
    author={Haidar Khan and Lara Marcuse and Bülent Yener},
    year={2019},
    eprint={1905.09876},
    archivePrefix={arXiv},
    primaryClass={cs.LG}
}

@article{khan2017focal,
  title={Focal onset seizure prediction using convolutional networks},
  author={Khan, Haidar and Marcuse, Lara and Fields, Madeline and Swann, Kalina and Yener, B{\"u}lent},
  journal={IEEE Transactions on Biomedical Engineering},
  volume={65},
  number={9},
  pages={2109--2118},
  year={2017},
  publisher={IEEE}
}

@book{feedbacksystemsBook,
    address = {Princeton},
    author = {\r{A}str{\"o}m, Karl J (Karl Johan)},
    isbn = {9780691135762},
    keywords = {Feedback control systems},
    publisher = {Princeton University Press},
    title = {{Feedback systems : an introduction for scientists and engineers}},
    year = {2008}
}

@article{Che2018,
    archivePrefix = {arXiv},
    arxivId = {1606.01865},
    author = {Che, Zhengping and Purushotham, Sanjay and Cho, Kyunghyun and Sontag, David and Liu, Yan},
    eprint = {1606.01865},
    issn = {20452322},
    journal = {Scientific Reports},
    month = {dec},
    number = {1},
    pages = {1--12},
    publisher = {Nature Publishing Group},
    title = {{Recurrent Neural Networks for Multivariate Time Series with Missing Values}},
    volume = {8},
    year = {2018}
}

@techreport{Lee2018TimeSeriesSegmentation,
    archivePrefix = {arXiv},
    arxivId = {1801.05394v2},
    author = {Lee, Wei-Han and Ortiz, Jorge and Ko, Bongjun and Lee, Ruby},
    eprint = {1801.05394v2},
    title = {{Time Series Segmentation through Automatic Feature Learning}},
    volume = {13},
    year = {2018}
}

@inproceedings{b1,
    title={Active learning for automatic classification of software behavior},
    author={Bowring, James F and Rehg, James M and Harrold, Mary Jean},
    booktitle={ACM SIGSOFT Software Engineering Notes},
    volume={29},
    number={4},
    pages={195--205},
    year={2004},
    organization={ACM}
}

@article{kingma2014adam,
  title={Adam: A method for stochastic optimization},
  author={Kingma, Diederik P and Ba, Jimmy},
  journal={arXiv preprint arXiv:1412.6980},
  year={2014}
}


@phdthesis{hybriddebugging,
  title={An Extensible Debugging Architecture Based on a Hybrid Debugging Framework},
  author={Al-Sharif, Ziad A},
  year={2009},
  school={University of Idaho}
}


@inproceedings{shang2013assisting,
  title={Assisting developers of big data analytics applications when deploying on hadoop clouds},
  author={Shang, Weiyi and Jiang, Zhen Ming and Hemmati, Hadi and Adams, Bram and Hassan, Ahmed E and Martin, Patrick},
  booktitle={Proceedings of the 2013 International Conference on Software Engineering},
  pages={402--411},
  year={2013},
  organization={IEEE Press}
}


@Inbook{Walkinshaw2018TestingBlackBox,
author="Walkinshaw, Neil",
editor="Bennaceur, Amel
and H{\"a}hnle, Reiner
and Meinke, Karl",
title="Testing Functional Black-Box Programs Without a Specification",
bookTitle="Machine Learning for Dynamic Software Analysis: Potentials and Limits: International Dagstuhl Seminar 16172, Dagstuhl Castle, Germany, April 24-27, 2016, Revised Papers",
year="2018",
publisher="Springer International Publishing",
address="Cham",
pages="101--120",
isbn="978-3-319-96562-8",
doi="10.1007/978-3-319-96562-8_4",
url="https://doi.org/10.1007/978-3-319-96562-8_4"
}

@Article{ModelBasedTesting,
author={I. {Schieferdecker}},
journal={IEEE Software},
title={Model-Based Testing},
year={2012},
volume={29},
number={1},
pages={14-18},
keywords={program testing;model-based testing;MBT;Software testing;Software design;Modeling;Testing;Model-based testing;model-based testing;software;engineering;technology;tools;methods Fokus!MBT;MBT},
doi={10.1109/MS.2012.13},
ISSN={1937-4194},
month={Jan},}


@techreport{rumelhart1985learning,
  title={Learning internal representations by error propagation},
  author={Rumelhart, David E and Hinton, Geoffrey E and Williams, Ronald J},
  year={1985},
  institution={California Univ San Diego La Jolla Inst for Cognitive Science}
}

@book{chen2011parametric,
  title={Parametric statistical change point analysis: with applications to genetics, medicine, and finance},
  author={Chen, Jie and Gupta, Arjun K},
  year={2011},
  publisher={Springer Science \& Business Media}
}

@article{hasan2014information,
  title={An information-based approach to the change-point problem of the noncentral skew t distribution with applications to stock market data},
  author={Hasan, Abeer and Ning, Wei and Gupta, Arjun K},
  journal={Sequential Analysis},
  volume={33},
  number={4},
  pages={458--474},
  year={2014},
  publisher={Taylor \& Francis}
}

@article{hsu1982bayesian,
  title={A Bayesian robust detection of shift in the risk structure of stock market returns},
  author={Hsu, DA},
  journal={Journal of the American Statistical Association},
  volume={77},
  number={377},
  pages={29--39},
  year={1982},
  publisher={Taylor \& Francis Group}
}

@inproceedings{lee2017implicit,
  title={Implicit smartphone user authentication with sensors and contextual machine learning},
  author={Lee, Wei-Han and Lee, Ruby B},
  booktitle={2017 47th Annual IEEE/IFIP International Conference on Dependable Systems and Networks (DSN)},
  pages={297--308},
  year={2017},
  organization={IEEE}
}

@article{oh2002analyzing,
  title={Analyzing stock market tick data using piecewise nonlinear model},
  author={Oh, Kyong Joo and Kim, Kyoung-jae},
  journal={Expert Systems with Applications},
  volume={22},
  number={3},
  pages={249--255},
  year={2002},
  publisher={Elsevier}
}

@inproceedings{ramos2016anomalies,
  title={Anomalies Detection in Wireless Sensor Networks Using Bayesian Changepoints},
  author={Ramos, Rychelly Glenneson da S and Ribeiro, Paulo and Cardoso, Jos{\'e} Vin{\'\i}cius de M},
  booktitle={2016 IEEE 13th International Conference on Mobile Ad Hoc and Sensor Systems (MASS)},
  pages={384--385},
  year={2016},
  organization={IEEE}
}


@article{reeves2007review,
  title={A review and comparison of changepoint detection techniques for climate data},
  author={Reeves, Jaxk and Chen, Jien and Wang, Xiaolan L and Lund, Robert and Lu, Qi Qi},
  journal={Journal of applied meteorology and climatology},
  volume={46},
  number={6},
  pages={900--915},
  year={2007}
}

@article{rosenfield2010change,
  title={Change point analysis for longitudinal physiological data: detection of cardio-respiratory changes preceding panic attacks},
  author={Rosenfield, David and Zhou, Enlu and Wilhelm, Frank H and Conrad, Ansgar and Roth, Walton T and Meuret, Alicia E},
  journal={Biological psychology},
  volume={84},
  number={1},
  pages={112--120},
  year={2010},
  publisher={Elsevier}
}

@article{wang2011non,
  title={Non-parametric change-point method for differential gene expression detection},
  author={Wang, Yao and Wu, Chunguo and Ji, Zhaohua and Wang, Binghong and Liang, Yanchun},
  journal={PloS one},
  volume={6},
  number={5},
  year={2011},
  publisher={Public Library of Science}
}


@inproceedings{xie2013sequential,
  title={Sequential multi-sensor change-point detection},
  author={Xie, Yao and Siegmund, David},
  booktitle={2013 Information Theory and Applications Workshop (ITA)},
  pages={1--20},
  year={2013},
  organization={IEEE}
}

@article{yamanishi2004line,
  title={On-line unsupervised outlier detection using finite mixtures with discounting learning algorithms},
  author={Yamanishi, Kenji and Takeuchi, Jun-Ichi and Williams, Graham and Milne, Peter},
  journal={Data Mining and Knowledge Discovery},
  volume={8},
  number={3},
  pages={275--300},
  year={2004},
  publisher={Springer}
}

@article{Truong2018ChangePointSurvey,
    archivePrefix = {arXiv},
    arxivId = {1801.00718},
    author = {Truong, Charles and Oudre, Laurent and Vayatis, Nicolas},
    eprint = {1801.00718},
    mendeley-groups = {Time Series},
    month = {jan},
    title = {{Selective review of offline change point detection methods}},
    url = {http://arxiv.org/abs/1801.00718},
    year = {2018}
}


@article{adams2007bayesian,
  title={Bayesian online changepoint detection},
  author={Adams, Ryan Prescott and MacKay, David JC},
  journal={arXiv preprint arXiv:0710.3742},
  year={2007}
}

@article{bai1997estimation,
  title={Estimation of a change point in multiple regression models},
  author={Bai, Jushan},
  journal={Review of Economics and Statistics},
  volume={79},
  number={4},
  pages={551--563},
  year={1997},
  publisher={MIT Press}
}

@article{barry1993bayesian,
  title={A Bayesian analysis for change point problems},
  author={Barry, Daniel and Hartigan, John A},
  journal={Journal of the American Statistical Association},
  volume={88},
  number={421},
  pages={309--319},
  year={1993},
  publisher={Taylor \& Francis}
}

@article{erdman2008fast,
  title={A fast Bayesian change point analysis for the segmentation of microarray data},
  author={Erdman, Chandra and Emerson, John W},
  journal={Bioinformatics},
  volume={24},
  number={19},
  pages={2143--2148},
  year={2008},
  publisher={Oxford University Press}
}

@article{ray2002bayesian,
  title={Bayesian methods for change-point detection in long-range dependent processes},
  author={Ray, Bonnie K and Tsay, Ruey S},
  journal={Journal of Time Series Analysis},
  volume={23},
  number={6},
  pages={687--705},
  year={2002},
  publisher={Wiley Online Library}
}

@article{lavielle2005using,
  title={Using penalized contrasts for the change-point problem},
  author={Lavielle, Marc},
  journal={Signal processing},
  volume={85},
  number={8},
  pages={1501--1510},
  year={2005},
  publisher={Elsevier}
}

@article{keshavarz2018optimal,
  title={Optimal change point detection in Gaussian processes},
  author={Keshavarz, Hossein and Scott, Clayton and Nguyen, XuanLong},
  journal={Journal of Statistical Planning and Inference},
  volume={193},
  pages={151--178},
  year={2018},
  publisher={Elsevier}
}

@article{pein2017heterogeneous,
  title={Heterogeneous change point inference},
  author={Pein, Florian and Sieling, Hannes and Munk, Axel},
  journal={Journal of the Royal Statistical Society: Series B (Statistical Methodology)},
  volume={79},
  number={4},
  pages={1207--1227},
  year={2017},
  publisher={Wiley Online Library}
}

@article{walkinshaw2016inferring,
  title={Inferring extended finite state machine models from software executions},
  author={Walkinshaw, Neil and Taylor, Ramsay and Derrick, John},
  journal={Empirical Software Engineering},
  volume={21},
  number={3},
  pages={811--853},
  year={2016},
  publisher={Springer}
}

@article{wang2019deep,
  title={Deep learning for sensor-based activity recognition: A survey},
  author={Wang, Jindong and Chen, Yiqiang and Hao, Shuji and Peng, Xiaohui and Hu, Lisha},
  journal={Pattern Recognition Letters},
  volume={119},
  pages={3--11},
  year={2019},
  publisher={Elsevier}
}

@inproceedings{bengio2013deep,
  title={Deep learning of representations: Looking forward},
  author={Bengio, Yoshua},
  booktitle={International Conference on Statistical Language and Speech Processing},
  pages={1--37},
  year={2013},
  organization={Springer}
}